<?xml version="1.0" encoding="UTF-8"?><collection xmlns="http://www.loc.gov/MARC21/slim"><record><leader>00367nam--2200145-i-4500</leader><controlfield tag="001">000020123</controlfield><controlfield tag="002">20161230</controlfield><controlfield tag="005">20161230201033</controlfield><controlfield tag="008">060222s1000------------r-----000-0-eng-d</controlfield><datafield ind1=" " ind2=" " tag="080"><subfield code="a">772.932</subfield></datafield><datafield ind1=" " ind2=" " tag="100"><subfield code="a">Ferenc, Evva</subfield></datafield><datafield ind1=" " ind2=" " tag="245"><subfield code="a">Elektrofotografia</subfield></datafield><datafield ind1=" " ind2=" " tag="260"><subfield code="a">Budapest, Akademiai Kiado, 1983. 292 P</subfield></datafield><datafield ind1=" " ind2=" " tag="490"><subfield code="a">A Szilardtestkutatas Ujabb Eredmenyei</subfield></datafield><datafield ind1=" " ind2=" " tag="852"><subfield code="a">71522</subfield></datafield></record></collection>